<?xml version="1.0" encoding="UTF-8"?><record xmlns="http://www.loc.gov/MARC21/slim" xmlns:cinclude="http://apache.org/cocoon/include/1.0" xmlns:zs="http://www.loc.gov/zing/srw/">
  <leader>00506cz  a2200145n  4500</leader>
  <controlfield tag="001">nr 92028455 </controlfield>
  <controlfield tag="003">DLC</controlfield>
  <controlfield tag="005">20020807053326.0</controlfield>
  <controlfield tag="008">920811n| acannaabn          |n ana     c</controlfield>
  <datafield tag="010" ind1=" " ind2=" ">
    <subfield code="a">nr 92028455 </subfield>
  </datafield>
  <datafield tag="035" ind1=" " ind2=" ">
    <subfield code="a">(OCoLC)oca03220211</subfield>
  </datafield>
  <datafield tag="040" ind1=" " ind2=" ">
    <subfield code="a">NNC</subfield>
    <subfield code="c">NNC</subfield>
  </datafield>
  <datafield tag="110" ind1="2" ind2=" ">
    <subfield code="a">Centro progetto nuovo</subfield>
  </datafield>
  <datafield tag="670" ind1=" " ind2=" ">
    <subfield code="a">D'Archittettura, magg. 1990:</subfield>
    <subfield code="b">t.p. (Centro progetto nuovo)</subfield>
  </datafield>
  <datafield tag="670" ind1=" " ind2=" ">
    <subfield code="a">Cinque architetti italiana della giovane generazione, 1989:</subfield>
    <subfield code="b">t.p. (Centro progetto nuovo; loc. in the Palazzo ducale, Tagliacozzo [Italy])</subfield>
  </datafield>
</record>